@book{theTextBook,
  title={Learning Perl},
  author={R. Schwartz},
  isbn={1449303587},
  url={https://www.amazon.com/Learning-Perl-Randal-L-Schwartz/dp/1449303587},
  year={2011},
  publisher={O'Riley Media}
}


@misc{GNUwebsite,
  author = {GNU.org},
  title = {A GNU Head, Using Sed},
  year = {2015},
  url = {www.gnu.org/software/sed/}
}

@misc{Geek,
  author = {R. Stanson},
  title = {Grep command in Unix/Linux},
  year = {2017},
  url = {https://www.geeksforgeeks.org/grep-command-in-unixlinux//}
}
